@BOOK{proteiny,
      author =       "Alberts, Bruce",
      title =        "{\it Základy buněčné biologie: úvod do molekulární biologie buňky}",
      publisher =    "",
      year =         "1998",
      isbn =         "80-902-9062-0",
    }

@BOOK{gibbs,
      author =       "Voet, D. and Voet, J. G. and Pratt, C. W.",
      title =        "{\it Fundamentals of Biochemistry: Life at the Molecular Level, 3rd Edition.}",
      publisher =    "John Wiley and Sons, Inc.",
      year =         "2008",
      isbn =         "0470129301",
    }
@BOOK{alpaydin,
      author =       "Alpaydin, E.",
      title =        "{\it Introduction to Machine Learning}",
      publisher =    "MIT Press",
      year =         "2010",
      isbn =         "978-0-262-01243-0",
    }

@BOOK{machine_learning,
      author =       "Mařík, V. and Štěpánková, O. and Lažanský, J.",
      title =        "{\it Umělá inteligence. 1}",
      publisher =    "Academia",
      year =         "1993",
      isbn =         "80-200-0496-3",
    }

@BOOK{aminokyseliny,
      author =       "Whitford, David",
      title =        "{\it Proteins: Structure and function}",
      publisher =    "Wiley",
      year =         "2005",
      isbn =         "",
    }

@BOOK{gromiha,
	author =       "Gromiha, M. M.",
	title =        "{\it Protein Bioinformatics: From sequence to function}",
	publisher =    "Elsevier",
	year =         "2010",
	isbn =         "978-81-312-2297-3",
}

@BOOK{flegr,
	author =       "Flegr, Jaroslav",
	title =        "{\it Úvod do evoluční biologie}",
	publisher =    "Academia",
	year =         "2007",
	isbn =         "978-80-200-1539-6",
}    

@MISC{mutace,
	author =       "Řehout, V. and Čítek, J. and Bláhová, B. and aj.",
	title =        "{\it Základy genetiky a poradenství}",
	url =  "http://www.zsf.jcu.cz/cs/katedra/katedra-klinickych-a-preklinickych-oboru/import/ucebni_texty/zaklady-genetiky-a-poradenstvi",
	year =         "2003",
	month =        Feb,
	note =         "[Online; cit. 17.12.2017]"
}

@article{zhang,
	title = {Ensemble Pruning Via Semi-definite Programming},
 	author = {Zhang, Yi and Burer, S. and Street, W. N.},
 	journal = {Journal of Machine Learning Research},
 	volume = {7},
 	year = {2006},
 	pages = {1315--1338},
 	numpages = {24},
 	publisher = {JMLR.org}
} 

@article{teoret1,
	author = {Hansen, L. K. and Salamon, Peter},
	year = {1990},
	pages = {993 - 1001},
	title = {Neural Network Ensembles},
	volume = {12},
	journal = {IEEE Transactions on Pattern Analysis and Machine Intelligence},
	publisher = {}
}

@article{empiric1,
	author = {Opitz, D. and Maclin, R.},
	year = {1999},
	pages = {993 - 1001},
	title = {Popular Ensemble Methods: An Empirical Study},
	volume = {11},
	journal = {Journal of Artificial Intelligence Research}
}


@article{dataclass,
	author = {Tang, J. and Alelyani, S. and Liu, H.},
	year = {2014},
	pages = {}
	title = {Data Classification},
	journal = {Chapman and Hall/CRC}
}


@article{free_energy,
	title={On the conformational stability of folded proteins},
	author={Ponnunswamy, PK and Gromiha, MM},
	journal={Journal of theoretical biology},
	volume={166},
	number={1},
	pages={63--74},
	year={1994},
	publisher={Elsevier}
}

@article{breiman,
	title={Random Forests},
	author={Breiman, L.},
	journal={Machine Learning},
	volume={ročník 45},
	number={},
	pages={},
	year={2001},
	publisher={}
}


@article{breiman2,
	title={Bagging Predictors},
	author={Breiman, L.},
	journal={Machine Learning},
	volume={},
	number={},
	pages={},
	year={1996},
	publisher={}

@article{boosting,
	title={The Strength of Weak Learnability},
	author={Schapire, R. E.},
	journal={Machine Learning},
	volume={},
	number={},
	pages={},
	year={1990},
	publisher={}

@article{polikar,
	title={Ensemble based systems in decision making},
	author={Polikar, R.},
	journal={IEEE Circuits Syst Mag.},
	volume={},
	number={},
	pages={},
	year={2006},
	publisher={}
}

@article{automute,
	title={AUTO-MUTE 2.0: A Portable Framework with Enhanced Capabilities for Predicting Protein Functional Consequences upon Mutation},
	author={Masso, M. and Vaisman, I. I.},
	journal={Adv Bioinformatics},
	volume={},
	number={},
	pages={},
	year={2014},
	publisher={}
}
@article{imutant,
	title={A Three-State Prediction of Single Point Mutations on Protein Stability Changes},
	author={Capriotti, E. and Fariselli, P. and Rossi, I. and aj.},
	journal={BMC Bioinformatics},
	volume={},
	number={},
	pages={},
	year={2008},
	publisher={}
}
@article{iptree,
	title={iPTREE-STAB: interpretable decision tree based method for predicting protein stability changes upon mutations.},
	author={Huang, L. T. 1. and Gromiha, M. M. and Ho, S. Y.},
	journal={Bioinformatics},
	volume={},
	number={},
	pages={},
	year={2007},
	publisher={}
}
@article{ease,
	title={Towards sequence-based prediction of mutation-induced stability changes in unseen non-homologous proteins},
	author={Folkman, L. and Stantic, B. and Sattar, A.},
	journal={BMC Genomics},
	volume={},
	number={},
	pages={},
	year={2014},
	publisher={}
}
@article{mcsm,
	title={ mCSM: predicting the effects of mutations in proteins using graph-based signatures},
	author={Pires, D. E. and Ascher, D. B. and Blundell, T. L.},
	journal={Bioinformatics},
	volume={},
	number={},
	pages={},
	year={2014},
	publisher={}
}
@article{maestro,
	title={MAESTRO - multi agent stability prediction upon point mutations},
	author={Laimer, J. and Hofer, H. and Fritz, M. and aj.},
	journal={BMC Bioinformatics},
	volume={},
	number={},
	pages={},
	year={2015},
	publisher={}
}
@article{elaspic,
	title={ ELASPIC web-server: proteome-wide structure based prediction of mutation effects on protein stability and binding affinity},
	author={Witvliet, D. and Strokach, A. and Giraldo-Forero, A. F. and aj.},
	journal={Bioinformatics},
	volume={},
	number={},
	pages={},
	year={2016},
	publisher={}
}

@article{ccpbsa,
	title={Predicting free energy changes using structural ensembles},
	author={Benedix, A. and Becker, C. M. and Groot, B. L. and aj.},
	journal={Nature methods},
	volume={},
	number={},
	pages={},
	year={2009},
	publisher={}
}

@article{eris,
	title={ Eris: an automated estimator of protein stability},
	author={ Yin, S. and Ding, F. and Dokholyan, N. V.},
	journal={Nature methods},
	volume={},
	number={},
	pages={},
	year={2007},
	publisher={}
}

@article{rosetta,
	title={Role of conformational sampling in computing mutationinduced changes in protein structure and stability},
	author={Kellogg, E. and Leaver-Fay, A. and Baker, D.},
	journal={Proteins},
	volume={},
	number={},
	pages={},
	year={2011},
	publisher={}
}

@article{cupsat,
	title={CUPSAT: prediction of protein stability upon point mutations},
	author={ Parthiban, V. and Gromiha, M. M. and Schomburg, D.},
	journal={Nucleic Acids Research},
	volume={},
	number={},
	pages={},
	year={2006},
	publisher={}
}

@article{popmusic,
	title={ PoPMuSiC 2.1: a web server for the estimation of protein stability changes upon mutation and sequence optimality},
	author={ Dehouck, Y. and Kwasigroch, J. M. and Gilis, D. and aj.},
	journal={BMC Bioinformatics},
	volume={},
	number={},
	pages={},
	year={2011},
	publisher={}
}

@article{dmutant,
	title={Prediction of protein thermostability with a direction- and distance-dependent knowledge-based potential},
	author={Hoppe, C. and Schomburg, D.},
	journal={Protein Society},
	volume={},
	number={},
	pages={},
	year={2005},
	publisher={}
}

@article{foldx,
	title={Predicting changes in the stability of proteins and protein complexes: a study of more than 1000 mutations},
	author={Guerois, R. and Nielsen, J. E. and Serrano, L.},
	journal={Journal of Molecular Biology},
	volume={},
	number={},
	pages={},
	year={2002},
	publisher={}
}

@article{sdm,
	title={SDM: a server for predicting effects of mutations on protein stability},
	author={Pandurangan, A. P. and Ochoa-Montaño, B. and Ascher, D. B. and Blundell, T. L.},
	journal={Nucleic Acid Research},
	volume={45},
	number={},
	pages={},
	year={2017},
	publisher={}
}

@article{mupro,
	title={Prediction of Protein Stability Changes for Single-Site Mutations Using Support Vector Machines},
	author={Cheng, J. and Randall, A. and Baldi, P.},
	journal={Proteins},
	volume={62},
	number={},
	pages={},
	year={2006},
	publisher={}
}

@article{swissprot,
	title={The SWISS-PROT protein knowledgebase and its supplement TrEMBL in 2003},
	author={Boeckmann, B. and Bairoch, A. and Apweiler, R. and aj},
	journal={Nucleic Acids Research},
	volume={},
	number={},
	pages={},
	year={2003},
	publisher={}
}

@article{protherm,
	title={ProTherm, version 4.0: Thermodynamic Database for Proteins and Mutants},
	author={Bava, K. A. and Gromiha, M. M. and Uedaira, H. and aj.},
	journal={Nucleic Acids Research},
	volume={},
	number={},
	pages={},
	year={2004},
	publisher={}
}

@article{pdb,
	title={Protein Data Bank (PDB): Database of Three-Dimensional Structural Information of Biological Macromolecules},
	author={Sussman, J. L. and Lin, D. and Jiang, J. and aj.},
	journal={Acta Cryst.},
	volume={},
	number={},
	pages={},
	year={1998},
	publisher={}
}

@article{pmd,
	title={The protein mutant database},
	author={Kawabata, T. and Ota, M. and Nishikawa, K.},
	journal={Nucleic Acids Research},
	volume={},
	number={},
	pages={},
	year={1999},
	publisher={}
}

@article{threshold,
	title={Can contact potentials reliably predict stability of proteins?},
	author={Khatum, J. and Khare, S. D. and Dokholyan, N. V.},
	journal={Journal of Molecular Biology},
	volume={},
	number={},
	pages={},
	year={2004},
	publisher={}
}

@article{hydrophobicity,
	title={A simple method for displaying the hydropathic character of a protein},
	author={Kyte, J. and Doolittle, R. F. },
	journal={Journal of Molecular Biology},
	volume={},
	number={},
	pages={},
	year={1982},
	publisher={}
}
 
@article{weka,
	title={Data Mining in Bioinformatics using Weka},
	author={Frank, E. and Hall, M. and Trigg, L. and Holmes, G. and Witten, I. H.},
	journal={Bioinformatics},
	volume={},
	number={},
	pages={},
	year={2004},
	publisher={}
}

@article{blastp,
	title={Gapped BLAST and PSI-BLAST: a new generation of protein database search programs},
	author={Altschul, S. F. and Madden, T. L. and Schäffer, A. A. and aj.},
	journal={Nucleic Acids Research},
	volume={25},
	number={17},
	pages={3389--3402},
	year={1997},
	publisher={Oxford University Press}
}

@article{clustal,
	title={Clustal Omega, accurate alignment of very large numbers of sequences. Multiple sequence alignment methods.},
	author={Sievers, F. and Higgins, D. G.},
	journal={Methods Mol. Biol.},
	volume={1079},
	number={},
	pages={105--116},
	year={2014},
	publisher={Humana Press, Totowa, NJ}
}

@article{fasttree,
	title={FastTree 2--approximately maximum-likelihood trees for large alignments},
	author={Price, M. N. and Dehal, P. S. and Arkin, A. P.},
	journal={PLoS One},
	volume={5},
	number={},
	pages={},
	year={2010},
	publisher={}
}

@article{scikit-learn,
 title={Scikit-learn: Machine Learning in {P}ython},
 author={Pedregosa, F. and Varoquaux, G. and Gramfort, A. and Michel, V. 
	and Thirion, B. and Grisel, O. and Blondel, M. and Prettenhofer, P.
         and Weiss, R. and Dubourg, V. and Vanderplas, J. and Passos, A. and
         Cournapeau, D. and Brucher, M. and Perrot, M. and Duchesnay, E.},
 journal={Journal of Machine Learning Research},
 volume={12},
 pages={2825--2830},
 year={2011}
}

@article{biopython,
author = {Cock, Peter J. A. and Antao, Tiago and Chang, Jeffrey T. and Chapman, Brad A. and Cox, Cymon J. and Dalke, Andrew and Friedberg, Iddo and Hamelryck, Thomas and Kauff, Frank and Wilczynski, Bartek and de Hoon, Michiel J. L.},
title = {Biopython: freely available Python tools for computational molecular biology and bioinformatics},
journal = {Bioinformatics},
volume = {25},
number = {11},
pages = {1422-1423},
year = {2009},
}

